@article{thanzin2019study,
  title={A Study on Relationship Between Service Quality and Customer Satisfaction with Grab Myanmar},
  author={Thanzin, E and Chua, William},
  journal={Business Institute Yangon},
  year={2019}
}

@article{vukmir2006customer,
  title={Customer satisfaction},
  author={Vukmir, Rade B},
  journal={International Journal of Health Care Quality Assurance},
  volume={19},
  number={1},
  pages={8--31},
  year={2006},
  publisher={Emerald Group Publishing Limited}
}
        
@article{gokdeniz2011csikayet,
  title={{\c{S}}ik{\^a}yet y{\"o}netim s{\"u}reci sonras{\i} memnuniyeti etkileyen fakt{\"o}rler {\"u}zerine uygulamal{\i} bir ara{\c{s}}t{\i}rma},
  author={G{\"o}kdeniz, {\.I}smail and Bozaci, {\.I}brahim and Karakaya, Ertu{\u{g}}rul},
  journal={Sel{\c{c}}uk {\"U}niversitesi Sosyal Bilimler Enstit{\"u}s{\"u} Dergisi},
  number={26},
  pages={173--185},
  year={2011}
}

@article{appiah1998customer,
  title={Customer orientation and performance: a study of SMEs},
  author={Appiah-Adu, Kwaku and Singh, Satyendra},
  journal={Management decision},
  volume={36},
  number={6},
  pages={385--394},
  year={1998},
  publisher={MCB UP Ltd}
}} 

@article{brady2001customer,
  title={Customer orientation: Effects on customer service perceptions and outcome behaviors},
  author={Brady, Michael K and Cronin Jr, J Joseph},
  journal={Journal of service Research},
  volume={3},
  number={3},
  pages={241--251},
  year={2001},
  publisher={Sage Publications Sage CA: Thousand Oaks, CA}
}

@article{eskiler2015algilanan,
  title={Alg{\i}lanan de{\u{g}}er ve m{\"u}{\c{s}}teri memnuniyetinin sat{\i}n alma e{\u{g}}ilimleri {\"u}zerine etkisi},
  author={Eskiler, Ersin and Altun{\i}{\c{s}}{\i}k, R},
  journal={III. Rekreasyon Ara{\c{s}}t{\i}rmalar{\i} Kongresi},
  pages={483--493},
  year={2015}
}